<?xml version="1.0" encoding="UTF-8"?><collection xmlns="http://www.loc.gov/MARC21/slim"><record><leader>00468nam--2200169-u-4500</leader><controlfield tag="001">000052075</controlfield><controlfield tag="002">20161230</controlfield><controlfield tag="005">20161230201049</controlfield><controlfield tag="008">090617s1000------------r-----000-0-eng-d</controlfield><datafield ind1=" " ind2=" " tag="040"><subfield code="a">IFIN-HH</subfield></datafield><datafield ind1=" " ind2=" " tag="080"><subfield code="a">517.392</subfield></datafield><datafield ind1="1" ind2=" " tag="100"><subfield code="a">Demidovich,B.P.,Maron,I.A. si Shuvalova,E.Z</subfield></datafield><datafield ind1="1" ind2=" " tag="245"><subfield code="a">Chislennye MetodyAnaliza. Priblizhenie Funktsii, Differentsialnye Uravneniya</subfield></datafield><datafield ind1=" " ind2=" " tag="260"><subfield code="a">Moskva</subfield><subfield code="c">1962</subfield></datafield><datafield ind1=" " ind2=" " tag="300"><subfield code="a">367 p</subfield></datafield><datafield ind1=" " ind2=" " tag="852"><subfield code="a">8181</subfield><subfield code="c">518.12</subfield></datafield><datafield ind1=" " ind2=" " tag="CAT"><subfield code="a">Sys</subfield><subfield code="c">20090617</subfield><subfield code="h">090443</subfield></datafield></record></collection>